<?xml version="1.0" encoding="UTF-8"?><collection xmlns="http://www.loc.gov/MARC21/slim"><record><leader>00409nam--2200169-i-4500</leader><controlfield tag="001">000035459</controlfield><controlfield tag="002">20161230</controlfield><controlfield tag="005">20170221173523</controlfield><controlfield tag="008">060222s1000------------r-----000-0-eng-d</controlfield><datafield ind1=" " ind2=" " tag="040"><subfield code="a">IFIN-HH</subfield></datafield><datafield ind1=" " ind2=" " tag="080"><subfield code="a">532.5</subfield></datafield><datafield ind1="1" ind2=" " tag="100"><subfield code="a">Pai, Shih-J</subfield></datafield><datafield ind1="1" ind2="0" tag="245"><subfield code="a">Fluid dynamics of jets</subfield><subfield code="c">Shih-I Pai</subfield></datafield><datafield ind1=" " ind2=" " tag="260"><subfield code="a">London</subfield><subfield code="b">Van Nostrand</subfield><subfield code="c">1954</subfield></datafield><datafield ind1=" " ind2=" " tag="300"><subfield code="a">XV + 227 p</subfield></datafield><datafield ind1=" " ind2=" " tag="852"><subfield code="a">10889</subfield><subfield code="c">532</subfield></datafield><datafield ind1=" " ind2=" " tag="CAT"><subfield code="a">SYS</subfield><subfield code="c">20170221</subfield><subfield code="h">173523</subfield></datafield></record></collection>